% \bibitem{IBM-PKI}{https://www.ibm.com/support/knowledgecenter/en/SSYJCD_1.0.1/security/advcomm/meg_sec_overview.html}
% \bititem{crypto-hash-functions}{http://cseweb.ucsd.edu/~mihir/papers/gb.pdf}
%https://whatis.techtarget.com/definition/Confidentiality-integrity-and-availability-CIA
%https://blog.ipswitch.com/securing-digital-communications-using-a-pki

@misc{dionyziz-sybil,
    author    = "Dionysis Zindros",
    title     = "Sybil-attack",
    note={\newline\url{https://bitcoin.stackexchange.com/questions/50922/whats-a-sybil-attack}[Online; accessed 11-March-2019]},
}
@misc{docsFabric,
    author    = "Hyperledger",
    title     = "Hyperledger Fabric Documentaions",
    note={\newline\url{https://hyperledger-fabric.readthedocs.io/en/release-1.4/}[Online; accessed 11-March-2019]},
}
@book{katz1996handbook,
  title={Handbook of applied cryptography},
  author={Katz, Jonathan and Menezes, Alfred J and Van Oorschot, Paul C and Vanstone, Scott A},
  year={1996},
  publisher={CRC press}
}
@inproceedings{androulaki2018hyperledger,
  title={Hyperledger fabric: a distributed operating system for permissioned blockchains},
  author={Androulaki, Elli and Barger, Artem and Bortnikov, Vita and Cachin, Christian and Christidis, Konstantinos and De Caro, Angelo and Enyeart, David and Ferris, Christopher and Laventman, Gennady and Manevich, Yacov and others},
  booktitle={Proceedings of the Thirteenth EuroSys Conference},
  pages={30},
  year={2018},
  organization={ACM}
}
@article{christidis2016blockchains,
  title={Blockchains and smart contracts for the internet of things},
  author={Christidis, Konstantinos and Devetsikiotis, Michael},
  journal={Ieee Access},
  volume={4},
  pages={2292--2303},
  year={2016},
  publisher={IEEE}
}
@article{nakamoto2008bitcoin,
  title={Bitcoin: A peer-to-peer electronic cash system},
  author={Nakamoto, Satoshi},
  year={2008},
  publisher={Working Paper},
  note={\newline\url{https://bitcoin.org/bitcoin.pdf}[Online; accessed 11-March-2019]},
}
@book{antonopoulos2014mastering,
  title={Mastering Bitcoin: unlocking digital cryptocurrencies},
  author={Antonopoulos, Andreas M},
  year={2014},
  publisher={" O'Reilly Media, Inc."}
}
@book{antonopoulos2018mastering,
  title={Mastering Ethereum: Building Smart Contracts and Dapps},
  author={Antonopoulos, Andreas M and Wood, Gavin},
  year={2018},
  publisher={O'Reilly Media}
}
@article{schneider1990implementing,
  title={Implementing fault-tolerant services using the state machine approach: A tutorial},
  author={Schneider, Fred B},
  journal={ACM Computing Surveys (CSUR)},
  volume={22},
  number={4},
  pages={299--319},
  year={1990},
  publisher={ACM}
}
@article{thakkar2018performance,
  title={Performance Benchmarking and Optimizing Hyperledger Fabric Blockchain Platform},
  author={Thakkar, Parth and Nathan, Senthil and Vishwanathan, Balaji},
  journal={arXiv preprint arXiv:1805.11390},
  year={2018}
}
@article{buterin2013ethereum,
  title={Ethereum white paper, 2014},
  author={Buterin, Vitalik and others},
  year={2013},
  note={\newline\url{https://github. com/ethereum/wiki/wiki/White-Paper}[Online; accessed 11-March-2019]}
}
@misc{ wiki:xxx,
    author = "{Wikipedia contributors}",
    title = "Pale Blue Dot --- {Wikipedia}{,} The Free Encyclopedia",
    year = "2018",
    url = "https://en.wikipedia.org/w/index.php?title=Pale_Blue_Dot&oldid=876187706",
    note = "[Online; accessed 9-March-2019]"
  }
@inproceedings{zhu2017autonomic,
  title={Autonomic identity framework for the internet of things},
  author={Zhu, Xiaoyang and Badr, Youakim and Pacheco, Jesus and Hariri, Salim},
  booktitle={Cloud and Autonomic Computing (ICCAC), 2017 International Conference on},
  pages={69--79},
  year={2017},
  organization={IEEE}
}
@misc{ mqtt,
    title = "MQTT",
    year = "2018",
    note = {\newline\url{https://mqtt.org}[Online; accessed 11-March-2019]}
 }
 @misc{ CertificatesPKI,
    author = "{NCSU}",
    title = "PKI Explained",
    year = "2018",
    note = {\newline\url{http://discovery.csc.ncsu.edu/Courses/csc574-F09/slides/T07.2_PKI.6pp.pdf}[Online; accessed 11-March-2019]}
 }
@misc{flamegraphs,
    author = "{acmqueue}",
    title = "Flame graphs explained",
    year = "2016",
    note = {\newline\url{https://queue.acm.org/detail.cfm?id=2927301}[Online;accessed 11-March-2019]}
}
@misc {ibm-marbles,
    author = "{IBM}",
    title = "Blockchain Marbles",
    year = "2019",
    note = {\newline\url{https://github.com/IBM-Blockchain/marbles}[Online; accessed 11-March-2019]}
}

@misc {fabric-sdk-go,
    author = "{Secure Key}",
    title = "Fabric SDK in Go",
    year = "2019",
   note = {\newline\url{https://github.com/hyperledger/fabric-sdk-go}[Online; accessed 11-March-2019]}
}
@misc {proxy-sdk,
    author = "{Gero Dittman, Jens Jelitto}",
    title = "Fabric Proxy SDK",
    year = "2019",
   note = {\newline\url{https://hgf18.sched.com/event/G8s7/sdk-proxy-hyperledger-fabric-identities-for-lightweight-iot-devices-gero-dittmann-jens-jelitto-ibm-research} [Online; accessed 11-March-2019]}
}
@article{filament,
  title={Filament Blocklet Chip, 2018},
  author={Filament},
  journal={URL },
  year={2018},
  note = {\newline\url{https://filament.com/wp-content/uploads/2018/12/Filament-v3.0-White-Paper.pdf}[Online; accessed 11-March-2019]}
}

@misc {crypto-anchor,
    author = "{IBM}",
    title = "IBM Crypto Anchors",
    year = "2018",
   note = {\newline\url{https://www.research.ibm.com/5-in-5/crypto-anchors-and-blockchain/}[Online; accessed 11-March-2019]}
}
@misc {modum,
    author = "{modum}",
    title = "modum",
    year = "2018",
   note = {\newline\url{https://modum.io/}[Online; accessed 11-March-2019]}
}
@article{reyna2018blockchain,
  title={On blockchain and its integration with IoT. Challenges and opportunities},
  author={Reyna, Ana and Mart{\'\i}n, Cristian and Chen, Jaime and Soler, Enrique and D{\'\i}az, Manuel},
  journal={Future Generation Computer Systems},
  year={2018},
  publisher={Elsevier}
}
@article{veena2015empowering,
  title={Empowering the edge-practical insights on a decentralized internet of things},
  author={Veena, Pureswaran and Panikkar, Sanjay and Nair, Sumabala and Brody, Paul},
  journal={Empowering the Edge-Practical Insights on a Decentralized Internet of Things. IBM Institute for Business Value},
  volume={17},
  year={2015}
}
@misc {spectometers,
    author = "{IBM}",
    title = "Pairing AI with Optical Scanning for Real-World Product Authentication",
    year = "2018",
   note = {\newline\url{https://www.ibm.com/blogs/research/2018/05/ai-authentication-verifier/}[Online; accessed 11-March-2019]}
}
@misc {riddle_and_code,
    author = "{Riddle \& Code}",
    title = "The Blockchain Interface Company",
    year = "2018",
   note = {\newline\url{https://www.riddleandcode.com/}[Online; accessed 11-March-2019]}
}
@article{sallaba2019iot,
  title={IoT powered by Blockchain--How Blockchains facilitate the application of digital twins in IoT},
  author={Sallaba, M and Siegel, D and Becker, S},
  journal={Blockchain-Institute. On the internet: https://www2. deloitte. com/content/dam/Deloitte/de/Documents/Innovation/IoT-powered-by-Blockchain-Deloitte. pdf, access},
  volume={19},
  pages={2018},
  year={2019}
}
@misc {gero,
    title = "Gero Dittmann IBM Research",
    year = "2019",
   note = {\newline\url{https://researcher.watson.ibm.com/researcher/view.php?person=zurich-GED}[Online; accessed 11-March-2019]}
}
@misc {jens,
    title = "Jens Jelitto IBM Research",
    year = "2019",
   note = {\newline\url{https://researcher.watson.ibm.com/researcher/view.php?person=zurich-jje}[Online; accessed 11-March-2019]}
}
@misc {foodtrust,
    author = "{IBM}",
    title = "IBM Food Trust: adding trust and transparency to our food",
    year = "2019",
    note = {\newline\url{https://www.ibm.com/blockchain/solutions/food-trust}[Online; accessed 11-March-2019]}
}

@misc {worldwire,
    author = "{IBM}",
    title = "IBM Blockchain World Wire: Let’s clear and settle cross-border payments in seconds – not days",
    year = "2019",
    note = {\newline\url{https://www.ibm.com/blockchain/solutions/world-wire}[Online; accessed 11-March-2019]}
}

@misc {digitalid,
    author = "{IBM}",
    title = "IBM Digital Identity: Transforming digital identity into trusted identity ",
    year = "2019",
    url = "https://www.ibm.com/blockchain/solutions/identity",
    note = {\newline\url{https://www.ibm.com/blockchain/solutions/identity}[Online; accessed 11-March-2019]}
    }
@misc {tradelens,
    author = "{IBM}",
    title = "TradeLens: How IBM and Maersk Are Sharing Blockchain to Build a Global Trade Platform",
    year = "2019",
   note = {\newline\url{https://www.ibm.com/blogs/think/2018/11/tradelens-how-ibm-and-maersk-are-sharing-blockchain-to-build-a-global-trade-platform/}[Online; accessed 11-March-2019]}
}
@article{dib2018consortium,
  title={Consortium blockchains: Overview applications and challenges},
  author={Dib, Omar and Brousmiche, Kei-Leo and Durand, Antoine and Thea, Eric and Hamida, E Ben},
  journal={International Journal On Advances in Telecommunications},
  volume={11},
  number={1\&2},
  year={2018}
}
@misc{gdpr,
  author={{Council of European Union}},
  title={Council regulation ({EU}) no 2016/679},
  year={2016},
  note={\newline\url{https://eur-lex.europa.eu/eli/reg/2016/679/oj}},
}
@article{reitwiessner2016zksnarks,
  title={zkSNARKs in a nutshell},
  author={Reitwiessner, Christian},
  journal={Ethereum Blog},
  volume={6},
  year={2016},
  note={\newline\url{http://chriseth.github.io/notes/articles/zksnarks/zksnarks.pdf}[Online; accessed 11-March-2019]},
}
@misc{bitnodes,
  author={Bitnodes},
  title={Bitcoin Nodes Distribution},
  year={2019},
  note={\newline\url{https://bitnodes.earn.com}[Online; accessed 11-March-2019]},
}
@inproceedings{schrijvers2016incentive,
  title={Incentive compatibility of bitcoin mining pool reward functions},
  author={Schrijvers, Okke and Bonneau, Joseph and Boneh, Dan and Roughgarden, Tim},
  booktitle={International Conference on Financial Cryptography and Data Security},
  pages={477--498},
  year={2016},
  organization={Springer}
}
@article{eyal2018majority,
  title={Majority is not enough: Bitcoin mining is vulnerable},
  author={Eyal, Ittay and Sirer, Emin G{\"u}n},
  journal={Communications of the ACM},
  volume={61},
  number={7},
  pages={95--102},
  year={2018},
  publisher={ACM}
}
@misc{mitigate-sybil,
  author={{Bennett Garner}},
  title={What’s a Sybil Attack \& How Do Blockchains Mitigate Them?},
  year={2018},
  note={\newline\url{https://coincentral.com/sybil-attack-blockchain/
}[Online; accessed 11-March-2019]},
}
@misc{miller-turing,
  author={{Andrew Miller}},
  title={Ethereum isn’t Turing Complete and it doesn’t matter anyway},
  year={2016},
  note={\newline\url{https://docs.google.com/presentation/d/1OklfhEV4Rs-wBW_zrWlC6cu4F3fJxL6YOE2MJp5eXTU/edit#slide=id.g1578fe1a7c_1_88
}[Online; accessed 11-March-2019]},
}
@article{buterin2015public,
  title={On public and private blockchains},
  author={Buterin, Vitalik},
  journal={Ethereum blog},
  volume={7},
  year={2015},
  note={\newline\url{https://blog.ethereum.org/2015/08/07/on-public-and-private-blockchains/reyna2018blockchain
}[Online; accessed 11-March-2019]},
}
@article{hung2017leading,
  title={Leading the iot, gartner insights on how to lead in a connected world},
  author={Hung, Mark},
  journal={Gartner Research},
  pages={1--29},
  year={2017}
}
@article{kolias2015securely,
  title={Securely Making" Things" Right},
  author={Kolias, Constantinos and Stavrou, Angelos and Voas, Jeffrey},
  journal={Computer},
  number={9},
  pages={84--88},
  year={2015},
  publisher={IEEE}
}
@inproceedings{javaid2018mitigating,
  title={Mitigating loT Device based DDoS Attacks using Blockchain},
  author={Javaid, Uzair and Siang, Ang Kiang and Aman, Muhammad Naveed and Sikdar, Biplab},
  booktitle={Proceedings of the 1st Workshop on Cryptocurrencies and Blockchains for Distributed Systems},
  pages={71--76},
  year={2018},
  organization={ACM}
}
@article{kolias2017ddos,
  title={DDoS in the IoT: Mirai and other botnets},
  author={Kolias, Constantinos and Kambourakis, Georgios and Stavrou, Angelos and Voas, Jeffrey},
  journal={Computer},
  volume={50},
  number={7},
  pages={80--84},
  year={2017},
  publisher={IEEE}
}
@misc{ secure-IoT,
    author = "{CableLabs}",
    title = "A Vision for Secure IoT",
    year = "2017",
    note={\newline\url{https://www.cablelabs.com/vision-secure-iot/}[Online; accessed 11-March-2019]},
  }
@article{casino2018systematic,
  title={A systematic literature review of blockchain-based applications: current status, classification and open issues},
  author={Casino, Fran and Dasaklis, Thomas K and Patsakis, Constantinos},
  journal={Telematics and Informatics},
  year={2018},
  publisher={Elsevier}
}
@article{khovratovich2017sovrin,
  title={Sovrin: digital identities in the blockchain era},
  author={Khovratovich, Dmitry and Law, Jason},
  journal={Github Commit by jasonalaw October},
  volume={17},
  year={2017}
}
@article{fromknecht2014decentralized,
  title={A Decentralized Public Key Infrastructure with Identity Retention.},
  author={Fromknecht, Conner and Velicanu, Dragos and Yakoubov, Sophia},
  journal={IACR Cryptology ePrint Archive},
  volume={2014},
  pages={803},
  year={2014}
}
@inproceedings{lasla2018efficient,
  title={Efficient Distributed Admission and Revocation using Blockchain for Cooperative ITS},
  author={Lasla, Noureddine and Younis, Mohamed and Znaidi, Wassim and Arbia, Dhafer Ben},
  booktitle={New Technologies, Mobility and Security (NTMS), 2018 9th IFIP International Conference on},
  pages={1--5},
  year={2018},
  organization={IEEE}
}
@article{li2018consortium,
  title={Consortium blockchain for secure energy trading in industrial internet of things},
  author={Li, Zhetao and Kang, Jiawen and Yu, Rong and Ye, Dongdong and Deng, Qingyong and Zhang, Yan},
  journal={IEEE transactions on industrial informatics},
  volume={14},
  number={8},
  pages={3690--3700},
  year={2018},
  publisher={IEEE}
}
@inproceedings{tian2017supply,
  title={A supply chain traceability system for food safety based on HACCP, blockchain \& Internet of things},
  author={Tian, Feng},
  booktitle={Service Systems and Service Management (ICSSSM), 2017 International Conference on},
  pages={1--6},
  year={2017},
  organization={IEEE}
}
@article{kang2017enabling,
  title={Enabling localized peer-to-peer electricity trading among plug-in hybrid electric vehicles using consortium blockchains},
  author={Kang, Jiawen and Yu, Rong and Huang, Xumin and Maharjan, Sabita and Zhang, Yan and Hossain, Ekram},
  journal={IEEE Transactions on Industrial Informatics},
  volume={13},
  number={6},
  pages={3154--3164},
  year={2017},
  publisher={IEEE}
}
@misc{ btcfees,
    author = "{}",
    title = "Bitcoin Transaction Fees",
    year = "2019",
    note={\newline\url{https://bitinfocharts.com/comparison/bitcoin-transactionfees.html}[Online; accessed 11-March-2019]},
  }
@misc{ btc-wiki-transaction,
    author = "{}",
    title = "Transactions in Bitcoin",
    year = "2019",
    note={\newline\url{https://en.bitcoin.it/wiki/Transaction#Output}[Online; accessed 11-March-2019]},
    }
 @misc{wireshark,
    title = "Wireshark",
    year = "2019",
    note={\newline\url{https://www.wireshark.org/}[Online; accessed 11-March-2019]},
  }
  @misc{instruments,
    author = "{Apple}",
    title = "Performance Tools",
    year = "2019",
    note={\newline\url{https://developer.apple.com/library/archive/documentation/Performance/Conceptual/PerformanceOverview/PerformanceTools/PerformanceTools.html
}[Online; accessed 11-March-2019]},
  }
  @misc{golang,
    author = "{Google}",
    title = "Golang",
    year = "2019",
    note={\newline\url{https://golang.org/}[Online; accessed 11-March-2019]},
  }
@misc{pprof,
    author = "{Google}",
    title = "Profiling tools for Golang",
    year = "2019",
    note={\newline\url{https://github.com/google/pprof}[Online; accessed 11-March-2019]},
  }
@misc{difficulty,
    author = "{Bitcoin Wiki}",
    title = "Difficulty explained",
    year = "2019",
    note={\newline\url{https://en.bitcoin.it/wiki/Difficulty}[Online; accessed 11-March-2019]},
  }
@inproceedings{haber1990time,
  title={How to time-stamp a digital document},
  author={Haber, Stuart and Stornetta, W Scott},
  booktitle={Conference on the Theory and Application of Cryptography},
  pages={437--455},
  year={1990},
  organization={Springer}
}
@misc{gemalto-iot,
    author = "{Gemalto}",
    title = "Almost half of companies still can’t detect IoT device breaches",
    year = "2019",
    note={\newline\url{https://www.gemalto.com/press/Pages/Almost-half-of-companies-still-can-t-detect-IoT-device-breaches-reveals-Gemalto-study.aspx}[Online; accessed 11-March-2019]},
  }
  @article{bowden2018block,
  title={Block arrivals in the Bitcoin blockchain},
  author={Bowden, Rory and Keeler, Holger Paul and Krzesinski, Anthony E and Taylor, Peter G},
  journal={arXiv preprint arXiv:1801.07447},
  year={2018}
}
@article{gorenflo2019fastfabric,
  title={Fastfabric: Scaling hyperledger fabric to 20,000 transactions per second},
  author={Gorenflo, Christian and Lee, Stephen and Golab, Lukasz and Keshav, S},
  journal={arXiv preprint arXiv:1901.00910},
  year={2019}
}
@misc{visa-txs-ps,
    author = "{Visa}",
    title = "Security and reliability",
    year = "2019",
    note={\newline\url{https://usa.visa.com/run-your-business/small-business-tools/retail.html}[Online; accessed 15-March-2019]},
  }
@misc{gasstation,
    title = "Gas prices in Ethereum",
    year = "2019",
    note={\newline\url{ https://ethgasstation.info/}[Online; accessed 19-March-2019]},
  }
@misc{btc-energy,
    title = "Bitcoin Energy Consumption Index",
    year = "2019",
    note={\newline\url{https://digiconomist.net/bitcoin-energy-consumption
}[Online; accessed 19-March-2019]},
  }
@misc{pool-statistics,
    title = "Bitcoin Mempool Statistics",
    year = "2019",
    note={\newline\url{ https://jochen-hoenicke.de/queue/#0,24h
}[Online; accessed 19-March-2019]},
  }
@article{lundkvist2017uport,
  title={Uport: A platform for self-sovereign identity},
  author={Lundkvist, Christian and Heck, Rouven and Torstensson, Joel and Mitton, Zac and Sena, Michael},
  journal={URL: https://whitepaper. uport. me/uPort\_ whitepaper\_DRAFT20170221. pdf},
  year={2017}
}
@misc{we-trade,
    title = "we.trade",
    year = "2019",
    note={\newline\url{https://www.ibm.com/case-studies/wetrade-blockchain-fintech-trade-finance}[Online; accessed 19-March-2019]},
  }
@misc{ambrosus,
    title = "Ambrosus: Decentralised IoT Networks",
    year = "2019",
    note={\newline\url{https://ambrosus.com}[Online; accessed 19-March-2019]},
  }
  @misc{eth-ops-gas,
    title = "Solidity operations and gas cost",
    year = "2019",
    note={\newline\url{https://github.com/ethereum/homestead-guide/blob/master/source/contracts-and-transactions/account-types-gas-and-transactions.rst#example-transaction-cost}[Online; accessed 19-March-2019]},
  }
  @misc{atecc-crypto,
    title = "Cryptographic co-processor with secure hardware-based key storage",
    year = "2019",
    note={\newline\url{https://www.microchip.com/wwwproducts/en/ATECC608A
}[Online; accessed 19-March-2019]},
  }
   @misc{eth-illustrated,
    title = "Ethereum EVM Illustrated",
    year = "2019",
    note={\newline\url{  https://github.com/takenobu-hs/ethereum-evm-illustrated/tree/master/src}[Online; accessed 19-March-2019]},
  }
   @misc{ wiki:digital-signature,
   author = "Wikimedia Commons",
   title = "File:Digital Signature diagram.svg --- Wikimedia Commons{,} the free media repository",
   year = "2018",
   url = "\url{https://commons.wikimedia.org/w/index.php?title=File:Digital_Signature_diagram.svg&oldid=292723380}",
   note = "[Online; accessed 25-February-2019]"
 }
   @misc{btc-hashrate,
    title = "Bitcoin Network Hashrate",
    year = "2019",
    note={\newline\url{  https://whattomine.com/coins/1-btc-sha-256
}[Online; accessed 19-March-2019]},
  }